@Article{Knuth1984,
  author  = {Knuth, Donald E.},
  journal = {The Computer Journal},
  title   = {Literate Programming},
  year    = {1984},
  number  = {2},
  pages   = {97--111},
  volume  = {27},
}

@Book{Knuth1986,
  author    = {Knuth, Donald E.},
  publisher = {Addison-Wesley},
  title     = {The {\TeX}book},
  year      = {1986},
  address   = {Reading, MA, USA},
  series    = {Computers and Typesetting},
  volume    = {A},
}

@Book{Lamport1994,
  author    = {Lamport, Leslie},
  publisher = {Addison-Wesley},
  title     = {{\LaTeX}: a Document Preparation System},
  year      = {1994},
  address   = {Reading, MA, USA},
  edition   = {2},
}

@Book{Mittelbach2004,
  author    = {Mittelbach, Frank and Goossens, Michel and Braams, Johannes and Carlisle, David},
  publisher = {Addison-Wesley},
  title     = {The {\LaTeX} Companion},
  year      = {2004},
  address   = {Reading, MA, USA},
  edition   = {2},
}

@Comment{jabref-meta: databaseType:bibtex;}
